@techreport{Cranmer:1456844,
      author        = "Cranmer, Kyle and Lewis, George and Moneta, Lorenzo and
                       Shibata, Akira and Verkerke, Wouter",
      collaboration = "ROOT",
      title         = "{HistFactory: A tool for creating statistical models for
                       use with RooFit and RooStats}",
      institution   = "New York U.",
      reportNumber  = "CERN-OPEN-2012-016",
      address       = "New York",
      year          = "2012",
      url           = "https://cds.cern.ch/record/1456844",
}


@software{pyhf,
  author = {Lukas Heinrich and Matthew Feickert and Giordon Stark},
  title = "{pyhf: v0.7.2}",
  version = {0.7.2},
  doi = {10.5281/zenodo.1169739},
  url = {https://doi.org/10.5281/zenodo.1169739},
  note = {https://github.com/scikit-hep/pyhf/releases/tag/v0.7.2}
}

@article{pyhf_joss,
  doi = {10.21105/joss.02823},
  url = {https://doi.org/10.21105/joss.02823},
  year = {2021},
  publisher = {The Open Journal},
  volume = {6},
  number = {58},
  pages = {2823},
  author = {Lukas Heinrich and Matthew Feickert and Giordon Stark and Kyle Cranmer},
  title = {pyhf: pure-Python implementation of HistFactory statistical models},
  journal = {Journal of Open Source Software}
}

@article{Salvatier2016,
  doi = {10.7717/peerj-cs.55},
  url = {https://doi.org/10.7717/peerj-cs.55},
  year  = {2016},
  month = {apr},
  publisher = {{PeerJ}},
  volume = {2},
  pages = {e55},
  author = {John Salvatier and Thomas V. Wiecki and Christopher Fonnesbeck},
  title = {Probabilistic programming in Python using {PyMC}3},
  journal = {{PeerJ} Computer Science}
}

@misc{Betancourt2020,
    title = { Towards A Principled Bayesian Workflow},
    author = {Michael Betancourt},
    url = {https://betanalpha.github.io/assets/case_studies/principled_bayesian_workflow.html},
    note = {Accessed: 09.08.2023}
}

@misc{ConjPriorsBerkeley,
    url = {https://people.eecs.berkeley.edu/~jordan/courses/260-spring10/other-readings/chapter9.pdf},
    note = {Accessed: 09.08.2023}
}

@article{PyMC,
  title={PyMC: A Modern and Comprehensive Probabilistic Programming Framework in Python},
  author={Abril-Pla Oriol and Andreani Virgile and Carroll Colin and Dong Larry and Fonnesbeck Christopher J. and Kochurov Maxim and Kumar Ravin and Lao Jupeng and Luhmann Christian C. and Martin Osvaldo A. and Osthege Michael and Vieira Ricardo and Wiecki Thomas and Zinkov Robert},
  journal = {{PeerJ} Computer Science},
  publisher = {{PeerJ}},
  volume={9},
  pages={e1516},
  year={2023},
  doi={10.7717/peerj-cs.1516}
}

@article{arviz,
  doi = {10.21105/joss.01143},
  url = {https://doi.org/10.21105/joss.01143},
  year = {2019},
  publisher = {The Open Journal},
  volume = {4},
  number = {33},
  pages = {1143},
  author = {Ravin Kumar and Colin Carroll and Ari Hartikainen and Osvaldo Martin},
  title = {ArviZ a unified library for exploratory analysis of Bayesian models in Python},
  journal = {Journal of Open Source Software}
}

@misc{vishnoi2021introduction,
      title={An Introduction to Hamiltonian Monte Carlo Method for Sampling},
      author={Nisheeth K. Vishnoi},
      year={2021},
      eprint={2108.12107},
      archivePrefix={arXiv},
      primaryClass={cs.DS}
}

@software{BayesianPyhf,
    author = {Malin Horstmann},
    title = "{bayesian\_pyhf}",
    doi = {10.5281/zenodo.7886631},
    url = {https://github.com/malin-horstmann/bayesian_pyhf}
}

@software{LiteHF,
    title = "{LiteHF.jl}",
    url = {http://github.com/JuliaHEP/LiteHF.jl}
}

@article{hoyer2017xarray,
  title     = {xarray: {N-D} labeled arrays and datasets in {Python}},
  author    = {Hoyer, S. and J. Hamman},
  journal   = {Journal of Open Research Software},
  volume    = {5},
  number    = {1},
  year      = {2017},
  publisher = {Ubiquity Press},
  doi       = {10.5334/jors.148},
  url       = {https://doi.org/10.5334/jors.148}
}

@misc{Murphy2007,
title = {{Conjugate Bayesian analysis of the Gaussian distribution}},
author = {Murphy, Kevin},
year = {2007},
url = {https://www.researchgate.net/publication/229000727_Conjugate_Bayesian_analysis_of_the_Gaussian_distribution}
}

@article{Schulz:2021BAT,
  author  = {Schulz, Oliver and Beaujean, Frederik and Caldwell, Allen and Grunwald, Cornelius and Hafych, Vasyl and Kr{\"o}ninger, Kevin and Cagnina, Salvatore La and R{\"o}hrig, Lars and Shtembari, Lolian},
  journal = {SN Computer Science},
  title   = {BAT.jl: A Julia-Based Tool for Bayesian Inference},
  year    = {2021},
  issn    = {2661-8907},
  month   = {Apr},
  number  = {3},
  pages   = {210},
  volume  = {2},
  day     = {12},
  doi     = {10.1007/s42979-021-00626-4},
  url     = {https://doi.org/10.1007/s42979-021-00626-4},
}

@misc{root,
    title = {ROOT - An Object Oriented Data Analysis Framework},
    author = {Rene Brun and Fons Rademakers},
    doi = {10.1016/S0168-9002(97)00048-X},
    url = {www: https://root.cern/download/lj.ps.gz},
    note = {Proceedings AIHENP'96 Workshop, Lausanne, Sep. 1996, Nucl. Inst. \& Meth.}
}

@software{jax2018github,
  author = {James Bradbury and Roy Frostig and Peter Hawkins and Matthew James Johnson and Chris Leary and Dougal Maclaurin and George Necula and Adam Paszke and Jake Vander{P}las and Skye Wanderman-{M}ilne and Qiao Zhang},
  title = {{JAX}: composable transformations of {P}ython+{N}um{P}y programs},
  url = {http://github.com/google/jax},
  version = {0.3.13},
  year = {2018},
}

@misc{tensorflow2015-whitepaper,
title={ {TensorFlow}: Large-Scale Machine Learning on Heterogeneous Systems},
url={https://www.tensorflow.org/},
note={Software available from tensorflow.org},
author={
    Mart\'{i}n~Abadi and
    Ashish~Agarwal and
    Paul~Barham and
    Eugene~Brevdo and
    Zhifeng~Chen and
    Craig~Citro and
    Greg~S.~Corrado and
    Andy~Davis and
    Jeffrey~Dean and
    Matthieu~Devin and
    Sanjay~Ghemawat and
    Ian~Goodfellow and
    Andrew~Harp and
    Geoffrey~Irving and
    Michael~Isard and
    Yangqing Jia and
    Rafal~Jozefowicz and
    Lukasz~Kaiser and
    Manjunath~Kudlur and
    Josh~Levenberg and
    Dandelion~Man\'{e} and
    Rajat~Monga and
    Sherry~Moore and
    Derek~Murray and
    Chris~Olah and
    Mike~Schuster and
    Jonathon~Shlens and
    Benoit~Steiner and
    Ilya~Sutskever and
    Kunal~Talwar and
    Paul~Tucker and
    Vincent~Vanhoucke and
    Vijay~Vasudevan and
    Fernanda~Vi\'{e}gas and
    Oriol~Vinyals and
    Pete~Warden and
    Martin~Wattenberg and
    Martin~Wicke and
    Yuan~Yu and
    Xiaoqiang~Zheng},
  year={2015},
}

@article{paszke2017automatic,
  title={Automatic differentiation in PyTorch},
  author={Paszke, Adam and Gross, Sam and Chintala, Soumith and Chanan, Gregory and Yang, Edward and DeVito, Zachary and Lin, Zeming and Desmaison, Alban and Antiga, Luca and Lerer, Adam},
  year={2017}
}

@INPROCEEDINGS{2003AIPC..690...22R,
       author = {{Rosenbluth}, Marshall N.},
        title = "{Genesis of the Monte Carlo Algorithm for Statistical Mechanics}",
     keywords = {02.70.Uu, 05.10.Ln, 01.65.+g, Applications of Monte Carlo methods, Monte Carlo methods, History of science},
    booktitle = {The Monte Carlo Method in the Physical Sciences},
         year = 2003,
       editor = {{Gubernatis}, James E.},
       series = {American Institute of Physics Conference Series},
       volume = {690},
        month = nov,
        pages = {22-30},
          doi = {10.1063/1.1632112},
       adsurl = {https://ui.adsabs.harvard.edu/abs/2003AIPC..690...22R},
      adsnote = {Provided by the SAO/NASA Astrophysics Data System}
}

@article{Metropolis1953,
  added-at = {2010-08-02T15:41:00.000+0200},
  author = {Metropolis, Nicholas and Rosenbluth, Arianna W. and Rosenbluth, Marshall N. and Teller, Augusta H. and Teller, Edward},
  biburl = {https://www.bibsonomy.org/bibtex/25bdc169acdc743b5f9946748d3ce587b/lopusz},
  doi = {10.1063/1.1699114},
  interhash = {b67019ed11f34441c67cc69ee5683945},
  intrahash = {5bdc169acdc743b5f9946748d3ce587b},
  journal = {The Journal of Chemical Physics},
  keywords = {MonteCarlo},
  number = 6,
  pages = {1087-1092},
  publisher = {AIP},
  timestamp = {2010-08-02T15:41:00.000+0200},
  title = {Equation of State Calculations by Fast Computing Machines},
  url = {http://link.aip.org/link/?JCP/21/1087/1},
  volume = 21,
  year = 1953
}
